@article{LanguageIFS-2013,
    author    = {AndreiSabelfeld and Andre wC.Myers},
    title     = {Language-Based Information-Flow Security},
    journal   = {IEEE Jounal},
    volume   = {21},
    number   = {1},
    pages    = {1-15},
    year      = {2003},
    month    = {January},
    }
    
@article{TaintDroid,
    author    = {William Enck and Peter Gilbert and Byung-Gon Chun and
    			Landon P. Cox and Jaeyeon Jung and Patrick McDaniel 
    			and Anmol N. Sheth},
    title     = {TaintDroid: An Information-Flow Tracking System 
    				for Realtime Privacy Monitoring on Smartphones},
    journal   = {9th USENIX Symposium on Operating Systems Design and Implementation(OSDI’10)},
    pages    = {1-15},
    year      = {2010},
    month    = {October},
    }
 
 @article{DroidForce,
    author    = {Siegfried Rasthofer and Steven Arzt and Enrico Lovat and Eric Bodden},
    title     = {DROIDFORCE: Enforcing Complex, Data-Centric,System-Wide Policies in Android},
    journal   = { Proceedings of the 9th International Conference on Availability, Reliability and Security (ARES)},
    pages    = {1-10},
    year      = {2014},
    month    = {September},
    }
    
    @article{JOANA,
    author    = {J.{\"u}rgen Graf and Martin Hecker and Martin Mohr},
    title     = {Using JOANA for Information Flow Control in Java Programs — A Practical Guide},
    journal   = { Proceedings of the 6th Working Conference on Programming Languages (ATPS'13), Springer Berlin / Heidelberg},
    pages    = {123-138},
    year      = {2013},
    month    = {February},
    }

    @article{FCO-PDG,
  	title = {Flow-Sensitive, Context-Sensitive, and Object-sensitive Information
 	Flow Control Based on Program Dependence Graphs},
  	year = {2009},
  	month = dec,
  	publisher = {Springer},
  	volume = {8},
  	number = {6},
  	pages = {399--422},
  	journal = {International Journal of Information Security},
  	author = {Christian Hammer and Gregor Snelting},
  	doi = {10.1007/s10207-009-0086-1},
	}
    
@mastersthesis{DidFail,
    author    = "Amar Shirish Bhosale",
    title     = "Precise Static Analysis of Taint Flow for Android Application Sets",
    school    = "Heinz College Carnegie Mellon University Pittsburgh, PA 15213",
    year      = "2014",
    month    = "May",
}  
    
@mastersthesis{FlowDroid-Thesis,
    author    = "Christian Fritz",
    title     = "FlowDroid: A Precise and Scalable Data Flow Analysis for Android",
    school    = "Technische Universität Darmstadt",
    year      = "2013",
    month    = "July",
}

@webpage{Wala,
	Author = {{ IBM T.J. Watson Research Center}},
	Title = {WalaWiki},
	month = "July",
	year = "2013",
	Url = {http://wala.sourceforge.net/wiki/index.php/Main_Page},
	}

@webpage{WorldwideSmartphoneSales-GatnerReport,
	Author = {{Gartner}},
	Title = {Document 2622821},
	month = "November",
	year = "2013",
	Url = {http://www.gartner.com/newsroom/id/2623415},
	}

@webpage{ErograbberReport,
	Author = {{Versafe}},
	Title = {A Case Study of Eurograbber: How 36 Million Euros was Stolen via Malware},
	month = "December",
	year = "2012",
	Url = {https://www.checkpoint.com/products/downloads/whitepapers/Eurograbber_White_Paper.pdf},
	}
	
@webpage{McAfeeReport,
	Author = {{McAfee}},
	Title = {Who's Watching You?, McAfee Mobile Security Report},
	month = "February",
	year = "2014",
	Url = {http://www.mcafee.com/us/resources/reports/rp-mobile-security-consumer-trends.pdf},
	}

@webpage{Android-Marketplace,
	Author = {{Android developers}},
	Title = {Launch Checklist},
	month = "November",
	year = "2013",
	Url = {http://developer.android.com/distribute/tools/launch-checklist.html},
	}
	
@webpage{DroidBenchBenchmarks,
	Author = {{EC SPRIDE}},
	Title = {DroidBench – Benchmarks},
	month = "June",
	year = "2014",
	Url = {http://sseblog.ec-spride.de/tools/droidbench/},
	}
	
@webpage{JIF,
	Author = {{EC SPRIDE}},
	Title = {DroidBench – Benchmarks},
	month = "June",
	year = "2014",
	Url = {http://sseblog.ec-spride.de/tools/droidbench/},
	}
	
@webpage{Soot,
	Author = {{Soot}},
	Title = {Soot: a Java Optimization Framework},
	month = "January",
	year = "2012",
	Url = {http://www.sable.mcgill.ca/soot/},
	}
	
@webpage{heros,
	Author = {{Eric Bodden}},
	Title = {Soot: a Java Optimization Framework},
	month = "June",
	year = "2013",
	Url = {http://sable.github.io/heros/},
	}
	
@techreport{ThreadsUsingAndroid,
	author    = "DHS-FBI",
    title     = "Threats to Mobile Devices Using the Android Operating System",
    institution = "U.S Department of Homeland Security",
	month = "July",
	year = "2013",
	Url = {http://info.publicintelligence.net/DHS-FBI-AndroidThreats.pdf}
	}
	
@book{SecureProgramming,
    author    = "Brian Chess and Jacob West",
    title     = "Secure Programming with Static Analysis",
    publisher = "Gary McGraw",
    year      = "2007",
    month    = "June",
}
